<record><leader>00000cas a22000007a 4500</leader><controlfield tag="001">9429736</controlfield><controlfield tag="008">830420d18561861mauwr ne      0    0eng d</controlfield><controlfield tag="009">3768</controlfield><datafield ind1=" " ind2=" " tag="010"><subfield code="a">sn 83020573 </subfield></datafield><datafield ind1=" " ind2=" " tag="040"><subfield code="a">NPX</subfield><subfield code="b">eng</subfield><subfield code="c">NPX</subfield><subfield code="d">DLC</subfield><subfield code="d">MGN</subfield></datafield><datafield ind1="1" ind2=" " tag="029"><subfield code="a">AU@</subfield><subfield code="b">000025793435</subfield></datafield><datafield ind1=" " ind2=" " tag="042"><subfield code="a">msc</subfield></datafield><datafield ind1="0" ind2="0" tag="050"><subfield code="a">Newspaper 8326</subfield></datafield><datafield ind1="0" ind2="4" tag="245"><subfield code="a">The Natick observer.</subfield></datafield><datafield ind1=" " ind2=" " tag="260"><subfield code="a">Natick, Mass. :</subfield><subfield code="b">E. Fisher,</subfield></datafield><datafield ind1=" " ind2=" " tag="300"><subfield code="a">v.</subfield></datafield><datafield ind1=" " ind2=" " tag="310"><subfield code="a">Weekly</subfield></datafield><datafield ind1="0" ind2=" " tag="362"><subfield code="a">Vol. 1, no. 1 (Apr. 5, 1856)-v. 6, no. 17 (Aug. 17, 1861).</subfield></datafield><datafield ind1=" " ind2=" " tag="752"><subfield code="a">United States</subfield><subfield code="b">Massachusetts</subfield><subfield code="c">Middlesex</subfield><subfield code="d">Natick.</subfield></datafield><datafield ind1="0" ind2="0" tag="785"><subfield code="t">Bulletin board (Natick, Mass.)</subfield><subfield code="w">(DLC)sn 89063299</subfield></datafield></record>